
@article{munafo2017,
  title={A manifesto for reproducible science},
  author={Munaf{\`o}, Marcus R and Nosek, Brian A and Bishop, Dorothy VM and Button, Katherine S and Chambers, Christopher D and du Sert, Nathalie Pern and Simonsohn, Uri and Wagenmakers, Eric-Jan and Ware, Jennifer J and Ioannidis, John PA},
  journal={Nature Human Behaviour},
  volume={1},
  pages={0021},
  year={2017},
  publisher={Nature Publishing Group}
}

@article{sandve2013,
  title={Ten Simple Rules for Reproducible Computational Research},
  author={Sandve, Geir Kjetil and Nekrutenko, Anton and Taylor, James and Hovig, Eivind},
  journal={PLoS Computational Biology},
  volume={9},
  number={10},
  pages={e1003285},
  year={2013},
  publisher={Public Library of Science}
}

@article{begley2012,
  title={Raise standards for preclinical cancer research},
  author={Begley, C Glenn and Ellis, Lee M},
  journal={Nature},
  volume={483},
  number={7391},
  pages={531--533},
  year={2012},
  publisher={Nature Publishing Group}
}

@article{miguel2014,
  title={Promoting transparency in social science research},
  author={Miguel, Edward and Camerer, Colin and Casey, Katherine and Cohen, Joshua and Esterling, Kevin M and Gerber, Alan and Glennerster, Rachel and Green, Donald P and Humphreys, Macartan and Imbens, Guido and Laitin, David and Madon, Temina and Nelson, Levi D and Nosek, Brian A and Petersen, Michael and Sedlmayr, Richard and Simmons, Joseph P and Simonsohn, Uri},
  journal={Science},
  volume={343},
  number={6166},
  pages={30--31},
  year={2014},
  publisher={American Association for the Advancement of Science}
}

@article{button2013,
  title={Power failure: why small sample size undermines the reliability of neuroscience},
  author={Button, Katherine S and Ioannidis, John P A and Mokrysz, Claire and Nosek, Brian A and Flint, Jonathan and Robinson, Emma S J and Munaf{\`o}, Marcus R},
  journal={Nature Reviews Neuroscience},
  volume={14},
  number={5},
  pages={365--376},
  year={2013},
  publisher={Nature Publishing Group}
}

@article{stodden2010,
  title={The scientific method in practice: Reproducibility in the computational sciences},
  author={Stodden, Victoria},
  journal={MIT Sloan Research Paper},
  number={4773-10},
  year={2010},
  url={https://papers.ssrn.com/sol3/papers.cfm?abstract_id=1550193}
}

@book{stodden2013,
  title={Implementing reproducible research},
  author={Stodden, Victoria and Leisch, Friedrich and Peng, Roger D},
  year={2013},
  publisher={CRC Press}
}
